@book{asm1991heat,
	title={Volume 4: Heat Treating},
	year={1991},
	publisher={ASM Handbook}	
}

@book{hutchings1992tribology,
	title={Tribology: Friction and Wear of Engineering Materials},
	author={Hutchings, Ian and Shipway, Philip},
	year={1992},
	publisher={Edward Arnold}
}

@book{callister2011materials,
	title={Materials Science and Engineering, 8th Edition},
	author={Callister, W D and Rethwisch, David G},
	year={2011},
	publisher={Wiley}	
}

@book{chiaverini2003tratamentos,
	title={Tratamentos térmicos das ligas metálicas},
	author={Chiaverini, Vicente},
	year={2003},
	publisher={ABM}
}
@book{colpaert1994metalografia,
	title={Metalografia dos produtos siderúrgicos comuns},
	author={Colpaert, Hubertus},
	year={1994},
	publisher={Edgard Blucher}
}

@book{silva2006acos,
	title={Aços e ligas especiais},
	author={Silva, Andre Luiz da Costa e and Mei, Paulo Roberto},
	year={2006},
	publisher={Edgard Bl{\"u}cher}
}
@booklet{vale2016tratamento,
	title={Tratamento Térmico},
	author={Vale, Alan Rafael Menezes do},
	year={2016}
}
@article{tabor1953mohs,
	title={Mohs's hardness scale - A physical interpretation},
	author={Tabor, D},
	journal={Proceedings of the Physical Society. Section B},
	volume={67},
	number={3},
	pages={249},
	year={1954},
	publisher={IOP Publishing}
}

@article{alves1997carga,
	title={Efeito da carga no desgaste de materiais para rodas ferroviárias.},
	author={Alves, L H and Sinatora, A and Tanaka, D},
	journal={II International Congress on Metallurgy and Materials Technology. ABMM, Brasil},
	year={1997}
}

@article{okagata2013wheels,
	title={Design technologies for railway wheels and future prospects},
	author={Okagata, Yoshinori},
	journal={Nippon Steel \& Sumitomo Metal Technical report},
	year={2013}
}


@MastersThesis{alves2000desgaste,
	author = {Alves, L H},
	title ={Mecanismos de desgaste de rodas ferroviárias},
	school = {Escola Politécnica da Universidade de São Paulo - USP},
	address = {Brasil},
	year ={2000},
}



@MastersThesis{chaves2017rodas,
	title={Rodas ferroviárias: análise, microestrutura e propostas de melhoria.},
	author={Chaves, Ana Paula Gonçalves},
	school={Universidade de São Paulo},
	year = {2017}
}


@misc{paula2016desgaste,
	author  = {Souza, Paula Fabiana Costa},
	title   = "{Avaliação do Comportamento em desgaste a seco de aços de roda com microestrutura perlítica e bainítica}",
	note    = {Monografia, Universidade Federal De Juiz De Fora, Brasil},
	year    = {2016}
}

@misc{esselrockwell,
	author  = {Essel},
	title   = "{Dureza Rockwell - Cursos Essel Engenharia}",
}

@article{archard1953contact,
	title={Contact and rubbing of flat surfaces},
	author={Archard, JF},
	journal={Journal of applied physics},
	year={1953},
	publisher={AIP}
}





